@url{intel-cache-blocking,
title = {Cache Blocking Techniques},
url = https://www.intel.com/content/www/us/en/developer/articles/technical/cache-blocking-techniques.html
}

@website{data-locality,
    author = {Robert Nystrom},
title = {Data Locality, https://gameprogrammingpatterns.com/data-locality.html},
url = {https://gameprogrammingpatterns.com/data-locality.html}
}
